<record><leader>00000cas a22000007a 4500</leader><controlfield tag="001">9930878</controlfield><controlfield tag="008">830921d19341988okudn n       0   a0eng d</controlfield><datafield ind1=" " ind2=" " tag="010"><subfield code="a">sn 83002602 </subfield></datafield><datafield ind1=" " ind2=" " tag="040"><subfield code="a">NSD</subfield><subfield code="b">eng</subfield><subfield code="c">NSD</subfield><subfield code="d">OBN</subfield><subfield code="d">OCLCQ</subfield><subfield code="d">OCLCF</subfield><subfield code="d">OCLCO</subfield></datafield><datafield ind1="1" ind2=" " tag="022"><subfield code="a">0746-3235</subfield><subfield code="l">0746-3235</subfield><subfield code="2">1</subfield></datafield><datafield ind1="1" ind2=" " tag="029"><subfield code="a">AU@</subfield><subfield code="b">000020448211</subfield></datafield><datafield ind1=" " ind2=" " tag="032"><subfield code="a">306760</subfield><subfield code="b">USPS</subfield></datafield><datafield ind1=" " ind2=" " tag="037"><subfield code="b">Lawton Publishing Co., Inc., 3rd &amp; A Ave., Lawton, OK 73501</subfield></datafield><datafield ind1=" " ind2=" " tag="042"><subfield code="a">nsdp</subfield></datafield><datafield ind1=" " ind2=" " tag="043"><subfield code="a">n-us-ok</subfield></datafield><datafield ind1=" " ind2="0" tag="222"><subfield code="a">Lawton morning press</subfield></datafield><datafield ind1="0" ind2="0" tag="245"><subfield code="a">Lawton morning press.</subfield></datafield><datafield ind1="3" ind2=" " tag="246"><subfield code="a">Press</subfield></datafield><datafield ind1="3" ind2=" " tag="246"><subfield code="a">Lawton constitution &amp; morning press</subfield></datafield><datafield ind1="3" ind2=" " tag="246"><subfield code="a">Lawton morning press, constitution</subfield></datafield><datafield ind1=" " ind2=" " tag="260"><subfield code="a">Lawton, Okla. :</subfield><subfield code="b">Homer Hodges</subfield></datafield><datafield ind1=" " ind2=" " tag="300"><subfield code="a">v.</subfield></datafield><datafield ind1=" " ind2=" " tag="310"><subfield code="a">Daily</subfield></datafield><datafield ind1=" " ind2=" " tag="321"><subfield code="a">Frequency varies</subfield></datafield><datafield ind1="0" ind2=" " tag="362"><subfield code="a">-v. 56, no. 308 (Dec. 31, 1988).</subfield></datafield><datafield ind1="1" ind2=" " tag="362"><subfield code="a">Began in 1934.</subfield></datafield><datafield ind1=" " ind2=" " tag="500"><subfield code="a">On Sunday published as: Lawton constitution &amp; morning press, &lt;Jan. 1, 1967&gt;-July 29, 1973; on holidays published as: Lawton morning press-constitution, Dec. 25, 1981-198.</subfield></datafield><datafield ind1=" " ind2=" " tag="500"><subfield code="a">Published as: Lawton morning press and Lawton constitution, Dec. 26-30, 1988.</subfield></datafield><datafield ind1=" " ind2=" " tag="588"><subfield code="a">Description based on: Vol. 11, (Mar. 25, 1944).</subfield></datafield><datafield ind1=" " ind2=" " tag="588"><subfield code="a">Latest issue consulted: Vol. 55, no. 88 (Apr. 13, 1987).</subfield></datafield><datafield ind1=" " ind2="0" tag="651"><subfield code="a">Lawton (Okla.)</subfield><subfield code="v">Newspapers.</subfield></datafield><datafield ind1=" " ind2="0" tag="651"><subfield code="a">Comanche County (Okla.)</subfield><subfield code="v">Newspapers.</subfield></datafield><datafield ind1=" " ind2="7" tag="655"><subfield code="a">Newspapers.</subfield><subfield code="2">fast</subfield><subfield code="0">(OCoLC)fst01423814</subfield></datafield><datafield ind1=" " ind2="7" tag="651"><subfield code="a">Oklahoma</subfield><subfield code="z">Comanche County.</subfield><subfield code="2">fast</subfield><subfield code="0">(OCoLC)fst01218116</subfield></datafield><datafield ind1=" " ind2="7" tag="651"><subfield code="a">Oklahoma</subfield><subfield code="z">Lawton.</subfield><subfield code="2">fast</subfield><subfield code="0">(OCoLC)fst01217418</subfield></datafield><datafield ind1=" " ind2=" " tag="752"><subfield code="a">United States</subfield><subfield code="b">Oklahoma</subfield><subfield code="c">Comanche</subfield><subfield code="d">Lawton.</subfield></datafield><datafield ind1="0" ind2="4" tag="785"><subfield code="t">Lawton constitution (Daily: 1911)</subfield><subfield code="w">(DLC)sn 85042349</subfield><subfield code="w">(OCoLC)12239552</subfield></datafield></record>